<?xml version="1.0" encoding="UTF-8"?><collection xmlns="http://www.loc.gov/MARC21/slim"><record><leader>00342nam--2200121-i-4500</leader><controlfield tag="001">000037697</controlfield><controlfield tag="002">20161230</controlfield><controlfield tag="005">20161230201041</controlfield><controlfield tag="008">060222s1000------------r-----000-0-eng-d</controlfield><datafield ind1=" " ind2=" " tag="245"><subfield code="a">Les properties optiques des lames minces solides</subfield></datafield><datafield ind1=" " ind2=" " tag="260"><subfield code="a">Paris, Cnrs, 1950. 178 P</subfield></datafield><datafield ind1=" " ind2=" " tag="490"><subfield code="a">Colloques Int.Du Cnrs Marseille 19-23 Avril 1949</subfield></datafield><datafield ind1=" " ind2=" " tag="852"><subfield code="a">10193</subfield></datafield></record></collection>